@article{racket,
  title={Languages as libraries},
  author={Tobin-Hochstadt, Sam and St-Amour, Vincent and Culpepper, Ryan and Flatt, Matthew and Felleisen, Matthias},
  journal={ACM SIGPLAN Notices},
  volume={46},
  number={6},
  pages={132--141},
  year={2011},
  publisher={ACM}
}

@book{clojure,
  title={The Joy of Clojure},
  author={Fogus, Michael and Houser, Chris},
  year={2014},
  publisher={Manning Publications}
}

@article{fowler2010domain,
  title={Domain-specific languages},
  author={Fowler, Martin},
  journal={Addison-Wesley Professional},
  year={2010}
}

@inproceedings{ghosh2010dsls,
  title={DSLs in action},
  author={Ghosh, Debasish},
  booktitle={Proceedings of the 2010 ACM SIGPLAN workshop on Partial evaluation and program manipulation},
  pages={1--2},
  year={2010}
}

@article{mernik2005domain,
  title={Domain-specific modeling},
  author={Mernik, Marjan and Heering, Jan and Sloane, Anthony M},
  journal={IEEE software},
  volume={22},
  number={4},
  pages={34--41},
  year={2005},
  publisher={IEEE}
}

@article{spinellis2001not,
  title={Not just another domain-specific language},
  author={Spinellis, Diomidis},
  journal={Software: Practice and Experience},
  volume={31},
  number={1},
  pages={1--11},
  year={2001},
  publisher={Wiley Online Library}
}

@book{graham1993on,
  title={On Lisp: advanced techniques for Common Lisp},
  author={Graham, Paul},
  year={1993},
  publisher={Prentice-Hall, Inc.}
}

@inproceedings{hickey2008clojure,
  title={The Clojure programming language},
  author={Hickey, Rich},
  booktitle={Proceedings of the 2008 symposium on Dynamic languages},
  pages={1--1},
  year={2008}
}

@article{goguen1977abstract,
  title={Abstract errors for abstract data types},
  author={Goguen, Joseph A and Thatcher, James W and Wagner, Eric G},
  journal={IFIP Working Conference on Formal Description of Programming Concepts},
  pages={21--32},
  year={1977},
  publisher={Elsevier}
}